<record><leader>00000cas a22000007a 4500</leader><controlfield tag="001">29602981</controlfield><controlfield tag="008">940110d18631889nyudr ne      0    0ger d</controlfield><datafield ind1=" " ind2=" " tag="010"><subfield code="a">sn 93063984 </subfield></datafield><datafield ind1=" " ind2=" " tag="040"><subfield code="a">NYS</subfield><subfield code="b">eng</subfield><subfield code="c">NYS</subfield><subfield code="d">OCL</subfield><subfield code="d">OCLCQ</subfield><subfield code="d">OCLCF</subfield><subfield code="d">OCLCO</subfield></datafield><datafield ind1=" " ind2=" " tag="042"><subfield code="a">msc</subfield></datafield><datafield ind1=" " ind2=" " tag="043"><subfield code="a">n-us-ny</subfield></datafield><datafield ind1="0" ind2=" " tag="130"><subfield code="a">Ta&#776;glicher Buffalo Demokrat (Buffalo, N.Y. : 1863)</subfield></datafield><datafield ind1="1" ind2="0" tag="245"><subfield code="a">Ta&#776;glicher Buffalo Demokrat.</subfield></datafield><datafield ind1="1" ind2="3" tag="246"><subfield code="a">Buffalo Demokrat</subfield></datafield><datafield ind1="3" ind2="0" tag="246"><subfield code="a">Sonntagsblatt des Buffalo Demokrat</subfield><subfield code="f">1880-&lt;1881&gt;</subfield></datafield><datafield ind1=" " ind2=" " tag="260"><subfield code="a">Buffalo, N.Y. :</subfield><subfield code="b">Brunck, Held &amp; Co.,</subfield><subfield code="c">1863-1889.</subfield></datafield><datafield ind1=" " ind2=" " tag="300"><subfield code="a">v.</subfield></datafield><datafield ind1=" " ind2=" " tag="310"><subfield code="a">Daily,</subfield><subfield code="b">Oct. 10, 1880-&lt;1886&gt;</subfield></datafield><datafield ind1=" " ind2=" " tag="321"><subfield code="a">Daily (except Sunday),</subfield><subfield code="b">1863-Oct. 9, 1880</subfield></datafield><datafield ind1="0" ind2=" " tag="362"><subfield code="a">26. Jahrg., no. 31 (5. Jan. 1863)- 52. Jahrg., no. 179 (13 Mai1889) LIC.</subfield></datafield><datafield ind1="1" ind2=" " tag="362"><subfield code="a">Ceased in 1889.</subfield></datafield><datafield ind1=" " ind2=" " tag="500"><subfield code="a">Sunday issue published with title: Sonntagsblatt des Buffalo Demokrat, 1880-&lt;1881&gt;.</subfield></datafield><datafield ind1=" " ind2=" " tag="515"><subfield code="a">Sunday issue published with separate numbering: Vol. 1, no. 1 (Oct. 19, 1880)-&lt;1881&gt;.</subfield></datafield><datafield ind1=" " ind2=" " tag="546"><subfield code="a">In German.</subfield></datafield><datafield ind1=" " ind2="0" tag="650"><subfield code="a">German Americans</subfield><subfield code="z">New York (State)</subfield><subfield code="v">Newspapers.</subfield></datafield><datafield ind1=" " ind2="0" tag="651"><subfield code="a">Buffalo (N.Y.)</subfield><subfield code="v">Newspapers.</subfield></datafield><datafield ind1=" " ind2="0" tag="651"><subfield code="a">Erie County (N.Y.)</subfield><subfield code="v">Newspapers.</subfield></datafield><datafield ind1=" " ind2="7" tag="655"><subfield code="a">Newspapers.</subfield><subfield code="2">fast</subfield><subfield code="0">(OCoLC)fst01423814</subfield></datafield><datafield ind1=" " ind2="7" tag="650"><subfield code="a">German Americans.</subfield><subfield code="2">fast</subfield><subfield code="0">(OCoLC)fst00941308</subfield></datafield><datafield ind1=" " ind2="7" tag="651"><subfield code="a">New York (State)</subfield><subfield code="2">fast</subfield><subfield code="0">(OCoLC)fst01210280</subfield></datafield><datafield ind1=" " ind2="7" tag="651"><subfield code="a">New York (State)</subfield><subfield code="z">Buffalo.</subfield><subfield code="2">fast</subfield><subfield code="0">(OCoLC)fst01205730</subfield></datafield><datafield ind1=" " ind2="7" tag="651"><subfield code="a">New York (State)</subfield><subfield code="z">Erie County.</subfield><subfield code="2">fast</subfield><subfield code="0">(OCoLC)fst01202692</subfield></datafield><datafield ind1=" " ind2=" " tag="752"><subfield code="a">United States</subfield><subfield code="b">New York</subfield><subfield code="c">Erie</subfield><subfield code="d">Buffalo.</subfield></datafield><datafield ind1="0" ind2="0" tag="780"><subfield code="t">Ta&#776;glicher Buffalo Demokrat und Weltbu&#776;rger</subfield><subfield code="w">(DLC)sn 85026064</subfield></datafield><datafield ind1="0" ind2="0" tag="785"><subfield code="t">Buffalo Demokrat (Buffalo, N.Y. : 1889)</subfield><subfield code="w">(DLC)sn 93063783</subfield><subfield code="w">(OCoLC)27312746</subfield></datafield></record>